@article{wroblewska2021spoiler,
  title={Spoiler in a Textstack: How Much Can Transformers Help?},
  author={Wr{\'o}blewska, Anna and Rzepi{\'n}ski, Pawe{\l} and Sysko-Roma{\'n}czuk, Sylwia},
  journal={arXiv preprint arXiv:2112.12913},
  year={2021}
}
@inproceedings{golbeck2012twitter,
  title={The twitter mute button: a web filtering challenge},
  author={Golbeck, Jennifer},
  booktitle={Proceedings of the SIGCHI Conference on Human Factors in Computing Systems},
  pages={2755--2758},
  year={2012}
}
@article{wan2019fine,
  title={Fine-grained spoiler detection from large-scale review corpora},
  author={Wan, Mengting and Misra, Rishabh and Nakashole, Ndapa and McAuley, Julian},
  journal={arXiv preprint arXiv:1905.13416},
  year={2019}
}
%Lime
@inproceedings{ribeiro2016should,
  title={" Why should i trust you?" Explaining the predictions of any classifier},
  author={Ribeiro, Marco Tulio and Singh, Sameer and Guestrin, Carlos},
  booktitle={Proceedings of the 22nd ACM SIGKDD international conference on knowledge discovery and data mining},
  pages={1135--1144},
  year={2016}
}
%SHAP
@article{lundberg2017unified,
  title={A unified approach to interpreting model predictions},
  author={Lundberg, Scott M and Lee, Su-In},
  journal={Advances in neural information processing systems},
  volume={30},
  year={2017}
}
%1980 paper about vocabulary
@article{hopper1980transitivity,
  title={Transitivity in grammar and discourse},
  author={Hopper, Paul J and Thompson, Sandra A},
  journal={language},
  pages={251--299},
  year={1980},
  publisher={JSTOR}
}
@inproceedings{sun2019fine,
  title={How to fine-tune bert for text classification?},
  author={Sun, Chi and Qiu, Xipeng and Xu, Yige and Huang, Xuanjing},
  booktitle={China national conference on Chinese computational linguistics},
  pages={194--206},
  year={2019},
  organization={Springer}
}


@article{abbott2020can,
  title={Can Spoilers in Online Reviews Impact Viewer Enjoyment?},
  author={Abbott, Marshall},
  year={2020}
}


@article{li2022exploring,
  title={Exploring the spoiler effect in the digital age: Evidence from the movie industry},
  author={Li, Yang and Luo, Xin Robert and Li, Kai and Xu, Xiaobo},
  journal={Decision Support Systems},
  volume={157},
  pages={113755},
  year={2022},
  publisher={Elsevier}
}

@inproceedings{guo2010finding,
  title={Finding the storyteller: automatic spoiler tagging using linguistic cues},
  author={Guo, Sheng and Ramakrishnan, Naren},
  booktitle={Proceedings of the 23rd International Conference on Computational Linguistics (Coling 2010)},
  pages={412--420},
  year={2010}
}


@misc{enam_biswas_2021, 
title={IMDb Review Dataset - ebD}, 
url={https://www.kaggle.com/dsv/1836923}, 
howpublished = "\url{https://www.kaggle.com/dsv/1836923}",
DOI={10.34740/KAGGLE/DSV/1836923}, 
publisher={Kaggle}, 
author={Enam Biswas}, 
year={2021} 
}
@inproceedings{chang2018deep,
  title={A deep neural spoiler detection model using a genre-aware attention mechanism},
  author={Chang, Buru and Kim, Hyunjae and Kim, Raehyun and Kim, Deahan and Kang, Jaewoo},
  booktitle={Pacific-Asia Conference on Knowledge Discovery and Data Mining},
  pages={183--195},
  year={2018},
  organization={Springer}
}

@inproceedings{nakamura2007temporal,
  title={Temporal filtering system to reduce the risk of spoiling a user's enjoyment},
  author={Nakamura, Satoshi and Tanaka, Katsumi},
  booktitle={Proceedings of the 12th international conference on Intelligent user interfaces},
  pages={345--348},
  year={2007}
}

@inproceedings{lime,
  author    = {Marco Tulio Ribeiro and
               Sameer Singh and
               Carlos Guestrin},
  title     = {"Why Should {I} Trust You?": Explaining the Predictions of Any Classifier},
  booktitle = {Proceedings of the 22nd {ACM} {SIGKDD} International Conference on
               Knowledge Discovery and Data Mining, San Francisco, CA, USA, August
               13-17, 2016},
  pages     = {1135--1144},
  year      = {2016},
}
@incollection{NIPS2017_7062,
title = {A Unified Approach to Interpreting Model Predictions},
author = {Lundberg, Scott M and Lee, Su-In},
booktitle = {Advances in Neural Information Processing Systems 30},
editor = {I. Guyon and U. V. Luxburg and S. Bengio and H. Wallach and R. Fergus and S. Vishwanathan and R. Garnett},
pages = {4765--4774},
year = {2017},
publisher = {Curran Associates, Inc.},
url = {http://papers.nips.cc/paper/7062-a-unified-approach-to-interpreting-model-predictions.pdf}
}
@article{devlin2018bert,
  title={Bert: Pre-training of deep bidirectional transformers for language understanding},
  author={Devlin, Jacob and Chang, Ming-Wei and Lee, Kenton and Toutanova, Kristina},
  journal={arXiv preprint arXiv:1810.04805},
  year={2018}
}
@inproceedings{pennington2014glove,
  title={Glove: Global vectors for word representation},
  author={Pennington, Jeffrey and Socher, Richard and Manning, Christopher D},
  booktitle={Proceedings of the 2014 conference on empirical methods in natural language processing (EMNLP)},
  pages={1532--1543},
  year={2014}
}
@article{deyoung2019eraser,
  title={ERASER: A benchmark to evaluate rationalized NLP models},
  author={DeYoung, Jay and Jain, Sarthak and Rajani, Nazneen Fatema and Lehman, Eric and Xiong, Caiming and Socher, Richard and Wallace, Byron C},
  journal={arXiv preprint arXiv:1911.03429},
  year={2019}
}
@article{boyd2013spoiler,
  title={Spoiler alert: Machine learning approaches to detect social media posts with revelatory information},
  author={Boyd-Graber, Jordan and Glasgow, Kimberly and Zajac, Jackie Sauter},
  journal={Proceedings of the American Society for Information Science and Technology},
  volume={50},
  number={1},
  pages={1--9},
  year={2013},
  publisher={Wiley Online Library}
}